@inproceedings{Wang2016D,
  title={D-Watch: Embracing ¡°Bad¡± Multipaths for Device-Free Localization With COTS RFID Devices},
  author={Wang, Ju and Xiong, Jie and Jiang, Hongbo and Chen, Xiaojiang and Fang, Dingyi},
  booktitle={International on Conference on Emerging NETWORKING Experiments and Technologies},
  pages={253-266},
  year={2016},
}

@inproceedings{RFind,
  title={Minding the Billions: Ultra-wideband Localization for Deployed RFID Tags},
  author={Yunfei Ma, Nicholas Selby, Fadel Adib},
  booktitle={Proc. ACM MobiCom},
  pages={161-172},
  year={2017},
}

@inproceedings{wang2016lifs,
  title={LiFS: Low Human-Effort, Device-Free Localization with Fine-Grained Subcarrier Information},
  author={Wang, Ju and Jiang, Hongbo and Xiong, Jie and Jamieson, Kyle and Chen, Xiaojiang and Fang, Dingyi and Xie, Binbin},
  booktitle={Proc. ACM MobiCom},
  pages={243--256},
  year={2016}
}

@article{PinIt,
  title={Dude, where's my card?:RFID positioning that works with multipath and non-line of sight},
  author={Wang, Jue and Katabi, Dina},
  journal={ACM SIGCOMM Computer Communication Review},
  volume={43},
  number={4},
  pages={51-62},
  year={2013},
}

@inproceedings{Arraytrack,
  title={ArrayTrack: a fine-grained indoor location system},
  author={Xiong, Jie and Jamieson, Kyle},
  booktitle={Proc. USENIX NSDI},
  pages={71--84},
  year={2013}
}

@inproceedings{Spotfi,
  title={Spotfi: Decimeter level localization using wifi},
  author={Kotaru, Manikanta and Joshi, Kiran and Bharadia, Dinesh and Katti, Sachin},
  booktitle={Proc. ACM SIGCOMM},
  pages={269--282},
  year={2015}
}

@inproceedings{Tagoram,
  title={Tagoram: real-time tracking of mobile RFID tags to high precision using COTS devices},
  author={Yang, Lei and Chen, Yekui and Li, Xiang Yang and Xiao, Chaowei and Li, Mo and Liu, Yunhao},
  booktitle={International Conference on Mobile Computing and NETWORKING},
  pages={237-248},
  year={2014},
}

@inproceedings{Tagscan,
  title={TagScan: Simultaneous Target Imaging and Material Identification with Commodity RFID Devices},
  author={Wang, Ju and Xiong, Jie and Chen, Xiaojiang and Jiang, Hongbo and Balan, Rajesh Krishna and Fang, Dingyi},
  booktitle={Proc. ACM International Conference on Mobile Computing and Networking. (MobiCom)},
  year={2017},
}

@inproceedings{LiquID,
  title={LiquID: A Wireless Liquid IDentifier },
  author={Ashutosh Dhekne, Mahanth Gowda, Yixuan Zhao, Haitham Hassanieh, Romit Roy Choudhury},
  booktitle={Pro. ACM international conference on Mobile systems, applications, and services. {MobiSys}},
  year={2018},
}

@inproceedings{Tagbeat,
  title={Making sense of mechanical vibration period with sub-millisecond accuracy using backscatter signals},
  author={Yang, Lei and Li, Yao and Lin, Qiongzheng and Li, Xiang Yang and Liu, Yunhao},
  booktitle={International Conference on Mobile Computing and NETWORKING},
  pages={16-28},
  year={2016},
}

@inproceedings{CAT,
  title={CAT: high-precision acoustic motion tracking},
  author={Mao, Wenguang and He, Jian and Qiu, Lili},
  booktitle={International Conference on Mobile Computing and NETWORKING},
  pages={69-81},
  year={2016},
}

@inproceedings{BeepBeep,
  title={BeepBeep:a high accuracy acoustic ranging system using COTS mobile devices},
  author={Peng, Chunyi and Shen, Guobin and Zhang, Yongguang and Li, Yanlin and Tan, Kun},
  booktitle={International Conference on Embedded Networked Sensor Systems, SENSYS 2007, Sydney, Nsw, Australia, November},
  pages={1-14},
  year={2007},
}

@inproceedings{STRATA,
  title={Strata: Fine-Grained Acoustic-based Device-Free Tracking},
  author={Mao, Wenguang and Mao, Wenguang and Mao, Wenguang and Mao, Wenguang and Mao, Wenguang},
  booktitle={International Conference on Mobile Systems, Applications, and Services},
  pages={15-28},
  year={2017},
}


@inproceedings{LLAP,
  title={Device-free gesture tracking using acoustic signals},
  author={Wang, Wei and Liu, Alex X and Sun, Ke},
  booktitle={International Conference on Mobile Computing and NETWORKING},
  pages={82-94},
  year={2016},
}

@inproceedings{Zhu2015Reusing,
  title={Reusing 60GHz Radios for Mobile Radar Imaging},
  author={Zhu, Yanzi and Zhu, Yibo and Zhao, Ben Y and Zheng, Haitao},
  booktitle={International Conference on Mobile Computing and NETWORKING},
  pages={103-116},
  year={2015},
}

@article{Adib2017Capturing,
  title={Capturing the human figure through a wall},
  author={Adib, Fadel and Hsu, Chen Yu and Mao, Hongzi and Katabi, Dina and Durand, Fr},
  journal={Acm Transactions on Graphics},
  volume={34},
  number={6},
  pages={1-13},
  year={2017},
}

@InProceedings{Zhao_2018_CVPR,
author = {Zhao, Mingmin and Li, Tianhong and Abu Alsheikh, Mohammad and Tian, Yonglong and Zhao, Hang and Torralba, Antonio and Katabi, Dina},
title = {Through-Wall Human Pose Estimation Using Radio Signals},
booktitle = {The IEEE Conference on Computer Vision and Pattern Recognition (CVPR)},
month = {June},
year = {2018}
}

@inproceedings{zhao2018rf,
  title={RF-based 3D skeletons},
  author={Zhao, Mingmin and Tian, Yonglong and Zhao, Hang and Alsheikh, Mohammad Abu and Li, Tianhong and Hristov, Rumen and Kabelac, Zachary and Katabi, Dina and Torralba, Antonio},
  booktitle={Proceedings of the 2018 Conference of the ACM Special Interest Group on Data Communication},
  pages={267--281},
  year={2018},
  organization={ACM}
}

@inproceedings{CrossSense,
  title={CrossSense: Towards Cross-Site and Large-Scale WiFi Sensing},
  author={Jie Zhang£¬Zhanyong Tang£¬Meng Li£¬Dingyi Fang£¬Petteri Nurmi£¬Zheng Wang },
  booktitle={International Conference on Mobile Computing and NETWORKING},
  pages={69-81},
  year={2018},
}

@article{mao2018aim,
  title={AIM: Acoustic Imaging on a Mobile},
  author={Mao, Wenguang and Wang, Mei and Qiu, Lili},
  year={2018}
}
	
@inproceedings{Wang2015Understanding,
  title={Understanding and Modeling of WiFi Signal Based Human Activity Recognition},
  author={Wang, Wei and Liu, Alex X. and Shahzad, Muhammad and Ling, Kang and Lu, Sanglu},
  booktitle={International Conference on Mobile Computing and NETWORKING},
  pages={65-76},
  year={2015},
}

@inproceedings{Forster2011Incremental,
  title={Incremental kNN Classifier Exploiting Correct-Error Teacher for Activity Recognition},
  author={Forster, Kilian and Monteleone, Samuel and Calatroni, Alberto and Roggen, Daniel and Troster, Gerhard},
  booktitle={International Conference on Machine Learning and Applications},
  pages={445-450},
  year={2011},
}

@inproceedings{Wang2014We,
  title={We Can Hear You with Wi-Fi!},
  author={Wang, Guanhua and Zou, Yongpan and Zhou, Zimu and Wu, Kaishun and Ni, Lionel M.},
  booktitle={International Conference on Mobile Computing and Networking},
  pages={593-604},
  year={2014},
}
